@Book{Jarnik-DifPoc1,
  author    = {Jarník, Vojtěch},
  title     = {Diferenciální počet I},
  language  = {cze},
  location  = {Praha},
  publisher = {Academia},
  url       = {https://dml.cz/handle/10338.dmlcz/401980},
  year      = {1974},
}

@WWW{3b1b-EscOfCalc,
  author   = {Sanderson, Grant},
  date     = {2017-04-29},
  title    = {Essence of Calculus},
  url      = {https://www.3blue1brown.com/lessons/essence-of-calculus},
  language = {eng},
}

@WWW{3b1b-PdxOfDer,
  author   = {Sanderson, Grant},
  date     = {2017-04-17},
  title    = {The paradox of the derivative},
  url      = {https://www.3blue1brown.com/lessons/derivatives},
  language = {eng},
}

@Comment{jabref-meta: databaseType:biblatex;}
